@ARTICLE{repAndQueryXMLIncompInfo,
author = {Rocquenco, Segoufin and Viano},
title = {Representing and querying XML with incomplete information},
year = {2001},
journal = {PODS’01}
}

@ARTICLE{surveyUDAA,
author = {Aggarwal and Fellow},
title = {A Survey of Uncertain Data Algorithms and Applications},
year = {2009},
journal = {IEEE},
volume = {21},
pages = {609--623}
}

@ARTICLE{queryTypeClasWebDocumentRetrieval,
author = {Kang, In-ho and Kim GilChang},
title = {Query type classification for web document retrieval},
year = {2003},
journal = {Proc Sigir ‘03}
}

@ARTICLE{onDatabasesWithIncompleteInformation,
author = {Lipski Witold},
title = {On databases with Incomplete Information},
year = {1981},
journal = {Journal of ACM},
volume = {8,1}
}

@ARTICLE{cleaningUncertainDataWithQualityGuarantees,
author = {R. CHENG, J. CHEN and Xie X.},
title = {Cleaning Uncertain Data with Quality Guarantees},
year = {2008},
journal = {Proceedings of the VLDB Endowmen},
volume = {1,1},
pages = {722--735}
}

@ARTICLE{evaluatingProbabilisticQueriesOverImpreciseData,
author = {R. CHENG, D. KALASHNIKOV and S.PRABHAKAR},
title = {Evaluating Probabilistic Queries over Imprecise Data},
year = {2003},
journal = {Proc ACM SIGMOD}
}

